@misc{XNADEV,
    author = "Microsoft",
    title = "XNA Development Center",
    howpublished = "\url{http://msdn.microsoft.com/en-sg/xna}",
	note = "Version 2011.02.25",
}

@misc{unity,
    author = "Unity Technologies",
    title = "Unity: Game Development Tool",
    howpublished = "\url{http://unity3d.com/}",
	note = "Version 2011.02.27",
}

@misc{deploy,
    author = "Microsoft",
    title = "Unity: Game Development Tool",
    howpublished = "\url{http://msdn.microsoft.com/en-us/library/bb975643.aspx}",
	note = "Version 2011.04.07",
}

@misc{troubleshoot,
    author = "Microsoft",
    title = "Unity: Game Development Tool",
    howpublished = "\url{http://msdn.microsoft.com/en-us/library/bb976062.aspx}",
	note = "Version 2011.04.07",
}

